@article{BERT,
  author    = {Jacob Devlin and
               Ming{-}Wei Chang and
               Kenton Lee and
               Kristina Toutanova},
  title     = {{BERT:} Pre-training of Deep Bidirectional Transformers for Language
               Understanding},
  journal   = {CoRR},
  volume    = {abs/1810.04805},
  year      = {2018},
  url       = {http://arxiv.org/abs/1810.04805},
  archivePrefix = {arXiv},
  eprint    = {1810.04805},
  timestamp = {Tue, 30 Oct 2018 20:39:56 +0100},
  biburl    = {https://dblp.org/rec/bib/journals/corr/abs-1810-04805},
  bibsource = {dblp computer science bibliography, https://dblp.org}
}

@inproceedings{OpenAI,
  title={Improving Language Understanding by Generative Pre-Training},
  author={Alec Radford},
  year={2018}
}

@article{ELMo,
  author    = {Matthew E. Peters and
               Mark Neumann and
               Mohit Iyyer and
               Matt Gardner and
               Christopher Clark and
               Kenton Lee and
               Luke Zettlemoyer},
  title     = {Deep contextualized word representations},
  journal   = {CoRR},
  volume    = {abs/1802.05365},
  year      = {2018},
  url       = {http://arxiv.org/abs/1802.05365},
  archivePrefix = {arXiv},
  eprint    = {1802.05365},
  timestamp = {Mon, 13 Aug 2018 16:48:54 +0200},
  biburl    = {https://dblp.org/rec/bib/journals/corr/abs-1802-05365},
  bibsource = {dblp computer science bibliography, https://dblp.org}
}

@article{Huang2013CrosslanguageKT,
  title={Cross-language knowledge transfer using multilingual deep neural network with shared hidden layers},
  author={Jui-Ting Huang and Jinyu Li and Dong Yu and Li Deng and Yifan Gong},
  journal={2013 IEEE International Conference on Acoustics, Speech and Signal Processing},
  year={2013},
  pages={7304-7308}
}

@InProceedings{C18-1037,
  author = 	"Zou, Bowei
		and Xu, Zengzhuang
		and Hong, Yu
		and Zhou, Guodong",
  title = 	"Adversarial Feature Adaptation for Cross-lingual Relation Classification",
  booktitle = 	"Proceedings of the 27th International Conference on Computational Linguistics",
  year = 	"2018",
  publisher = 	"Association for Computational Linguistics",
  pages = 	"437--448",
  location = 	"Santa Fe, New Mexico, USA",
  url = 	"http://aclweb.org/anthology/C18-1037"
}

@InProceedings{P18-1075,
  author = 	"Hangya, Viktor
		and Braune, Fabienne
		and Fraser, Alexander
		and Sch{\"u}tze, Hinrich",
  title = 	"Two Methods for Domain Adaptation of Bilingual Tasks: Delightfully Simple and Broadly Applicable",
  booktitle = 	"Proceedings of the 56th Annual Meeting of the Association for Computational Linguistics (Volume 1: Long Papers)",
  year = 	"2018",
  publisher = 	"Association for Computational Linguistics",
  pages = 	"810--820",
  location = 	"Melbourne, Australia",
  url = 	"http://aclweb.org/anthology/P18-1075"
}

@InProceedings{D17-1302,
  author = 	"Kim, Joo-Kyung
		and Kim, Young-Bum
		and Sarikaya, Ruhi
		and Fosler-Lussier, Eric",
  title = 	"Cross-Lingual Transfer Learning for POS Tagging without Cross-Lingual Resources",
  booktitle = 	"Proceedings of the 2017 Conference on Empirical Methods in Natural      Language Processing    ",
  year = 	"2017",
  publisher = 	"Association for Computational Linguistics",
  pages = 	"2832--2838",
  location = 	"Copenhagen, Denmark",
  doi = 	"10.18653/v1/D17-1302",
  url = 	"http://aclweb.org/anthology/D17-1302"
}

@inproceedings{Zhou:2016:TLC:2911451.2911490,
 author = {Zhou, Guangyou and Zeng, Zhao and Huang, Jimmy Xiangji and He, Tingting},
 title = {Transfer Learning for Cross-Lingual Sentiment Classification with Weakly Shared Deep Neural Networks},
 booktitle = {Proceedings of the 39th International ACM SIGIR Conference on Research and Development in Information Retrieval},
 series = {SIGIR '16},
 year = {2016},
 isbn = {978-1-4503-4069-4},
 location = {Pisa, Italy},
 pages = {245--254},
 numpages = {10},
 url = {http://doi.acm.org/10.1145/2911451.2911490},
 doi = {10.1145/2911451.2911490},
 acmid = {2911490},
 publisher = {ACM},
 address = {New York, NY, USA},
 keywords = {auto-encoders, cross-lingual, sentiment classification}
} 

@article{DBLP:journals/corr/KannCS17,
  author    = {Katharina Kann and
               Ryan Cotterell and
               Hinrich Sch{\"{u}}tze},
  title     = {One-Shot Neural Cross-Lingual Transfer for Paradigm Completion},
  journal   = {CoRR},
  volume    = {abs/1704.00052},
  year      = {2017},
  url       = {http://arxiv.org/abs/1704.00052},
  archivePrefix = {arXiv},
  eprint    = {1704.00052},
  timestamp = {Mon, 13 Aug 2018 16:48:57 +0200},
  biburl    = {https://dblp.org/rec/bib/journals/corr/KannCS17},
  bibsource = {dblp computer science bibliography, https://dblp.org}
}

@article{DBLP:journals/corr/LiuQH17,
  author    = {Pengfei Liu and
               Xipeng Qiu and
               Xuanjing Huang},
  title     = {Adversarial Multi-task Learning for Text Classification},
  journal   = {CoRR},
  volume    = {abs/1704.05742},
  year      = {2017},
  url       = {http://arxiv.org/abs/1704.05742},
  archivePrefix = {arXiv},
  eprint    = {1704.05742},
  timestamp = {Mon, 13 Aug 2018 16:46:48 +0200},
  biburl    = {https://dblp.org/rec/bib/journals/corr/LiuQH17},
  bibsource = {dblp computer science bibliography, https://dblp.org}
}

@article{DBLP:journals/corr/ChenASWC16,
  author    = {Xilun Chen and
               Ben Athiwaratkun and
               Yu Sun and
               Kilian Q. Weinberger and
               Claire Cardie},
  title     = {Adversarial Deep Averaging Networks for Cross-Lingual Sentiment Classification},
  journal   = {CoRR},
  volume    = {abs/1606.01614},
  year      = {2016},
  url       = {http://arxiv.org/abs/1606.01614},
  archivePrefix = {arXiv},
  eprint    = {1606.01614},
  timestamp = {Sat, 15 Dec 2018 13:25:45 +0100},
  biburl    = {https://dblp.org/rec/bib/journals/corr/ChenASWC16},
  bibsource = {dblp computer science bibliography, https://dblp.org}
}

@InProceedings{P17-1179,
  author = 	"Zhang, Meng
		and Liu, Yang
		and Luan, Huanbo
		and Sun, Maosong",
  title = 	"Adversarial Training for Unsupervised Bilingual Lexicon Induction",
  booktitle = 	"Proceedings of the 55th Annual Meeting of the Association for      Computational Linguistics (Volume 1: Long Papers)    ",
  year = 	"2017",
  publisher = 	"Association for Computational Linguistics",
  pages = 	"1959--1970",
  location = 	"Vancouver, Canada",
  doi = 	"10.18653/v1/P17-1179",
  url = 	"http://aclweb.org/anthology/P17-1179"
}

@article{DBLP:journals/corr/Barone16a,
  author    = {Antonio Valerio Miceli Barone},
  title     = {Towards cross-lingual distributed representations without parallel
               text trained with adversarial autoencoders},
  journal   = {CoRR},
  volume    = {abs/1608.02996},
  year      = {2016},
  url       = {http://arxiv.org/abs/1608.02996},
  archivePrefix = {arXiv},
  eprint    = {1608.02996},
  timestamp = {Mon, 13 Aug 2018 16:47:11 +0200},
  biburl    = {https://dblp.org/rec/bib/journals/corr/Barone16a},
  bibsource = {dblp computer science bibliography, https://dblp.org}
}

@InProceedings{lample2018unsupervised,
  title={Unsupervised Machine Translation Using Monolingual Corpora Only},
  author={Guillaume Lample and Alexis Conneau and Ludovic Denoyer and Marc'Aurelio Ranzato},
  booktitle={International Conference on Learning Representations},
  year={2018},
  url={https://openreview.net/forum?id=rkYTTf-AZ}
}

@article{DBLP:journals/corr/abs-1802-05694,
  author    = {Xilun Chen and
               Claire Cardie},
  title     = {Multinomial Adversarial Networks for Multi-Domain Text Classification},
  journal   = {CoRR},
  volume    = {abs/1802.05694},
  year      = {2018},
  url       = {http://arxiv.org/abs/1802.05694},
  archivePrefix = {arXiv},
  eprint    = {1802.05694},
  timestamp = {Mon, 13 Aug 2018 16:48:47 +0200},
  biburl    = {https://dblp.org/rec/bib/journals/corr/abs-1802-05694},
  bibsource = {dblp computer science bibliography, https://dblp.org}
}

@article{DBLP:journals/corr/abs-1802-05368,
  author    = {Jiatao Gu and
               Hany Hassan and
               Jacob Devlin and
               Victor O. K. Li},
  title     = {Universal Neural Machine Translation for Extremely Low Resource Languages},
  journal   = {CoRR},
  volume    = {abs/1802.05368},
  year      = {2018},
  url       = {http://arxiv.org/abs/1802.05368},
  archivePrefix = {arXiv},
  eprint    = {1802.05368},
  timestamp = {Mon, 13 Aug 2018 16:47:33 +0200},
  biburl    = {https://dblp.org/rec/bib/journals/corr/abs-1802-05368},
  bibsource = {dblp computer science bibliography, https://dblp.org}
}

@article{DBLP:journals/corr/abs-1810-12836,
  author    = {Muthuraman Chidambaram and
               Yinfei Yang and
               Daniel Cer and
               Steve Yuan and
               Yun{-}Hsuan Sung and
               Brian Strope and
               Ray Kurzweil},
  title     = {Learning Cross-Lingual Sentence Representations via a Multi-task Dual-Encoder
               Model},
  journal   = {CoRR},
  volume    = {abs/1810.12836},
  year      = {2018},
  url       = {http://arxiv.org/abs/1810.12836},
  archivePrefix = {arXiv},
  eprint    = {1810.12836},
  timestamp = {Thu, 08 Nov 2018 10:57:46 +0100},
  biburl    = {https://dblp.org/rec/bib/journals/corr/abs-1810-12836},
  bibsource = {dblp computer science bibliography, https://dblp.org}
}

@InProceedings{P18-2035,
  author = 	"Singla, Karan
		and Can, Dogan
		and Narayanan, Shrikanth",
  title = 	"A Multi-task Approach to Learning Multilingual Representations",
  booktitle = 	"Proceedings of the 56th Annual Meeting of the Association for Computational Linguistics (Volume 2: Short Papers)",
  year = 	"2018",
  publisher = 	"Association for Computational Linguistics",
  pages = 	"214--220",
  location = 	"Melbourne, Australia",
  url = 	"http://aclweb.org/anthology/P18-2035"
}

@article{DBLP:journals/corr/abs-1808-04736,
  author    = {Heike Adel and
               Anton Bryl and
               David Weiss and
               Aliaksei Severyn},
  title     = {Adversarial Neural Networks for Cross-lingual Sequence Tagging},
  journal   = {CoRR},
  volume    = {abs/1808.04736},
  year      = {2018},
  url       = {http://arxiv.org/abs/1808.04736},
  archivePrefix = {arXiv},
  eprint    = {1808.04736},
  timestamp = {Sun, 02 Sep 2018 15:01:55 +0200},
  biburl    = {https://dblp.org/rec/bib/journals/corr/abs-1808-04736},
  bibsource = {dblp computer science bibliography, https://dblp.org}
}
